<record><leader>00000cas a22000007a 4500</leader><controlfield tag="001">19956216</controlfield><controlfield tag="008">890701d19161958mouwr ne      0    0eng d</controlfield><datafield ind1=" " ind2=" " tag="010"><subfield code="a">sn 89066650 </subfield></datafield><datafield ind1=" " ind2=" " tag="040"><subfield code="a">MQN</subfield><subfield code="b">eng</subfield><subfield code="c">MQN</subfield><subfield code="d">OCLCQ</subfield></datafield><datafield ind1=" " ind2=" " tag="042"><subfield code="a">msc</subfield></datafield><datafield ind1="0" ind2="4" tag="245"><subfield code="a">The News of Osage County.</subfield></datafield><datafield ind1=" " ind2=" " tag="260"><subfield code="a">Chamois, Osage County, Mo. :</subfield><subfield code="b">Mrs. Mabel Snyder</subfield></datafield><datafield ind1=" " ind2=" " tag="300"><subfield code="a">v.</subfield></datafield><datafield ind1=" " ind2=" " tag="310"><subfield code="a">Weekly</subfield></datafield><datafield ind1="1" ind2=" " tag="362"><subfield code="a">Began in 1916? Ceased in 1958?</subfield></datafield><datafield ind1=" " ind2=" " tag="588"><subfield code="a">Description based on: Vol. 13, no. 13 (Mar. 29, 1928).</subfield></datafield><datafield ind1=" " ind2=" " tag="752"><subfield code="a">United States</subfield><subfield code="b">Missouri</subfield><subfield code="c">Osage</subfield><subfield code="d">Chamois.</subfield></datafield><datafield ind1="0" ind2="4" tag="785"><subfield code="t">Osage County republican</subfield><subfield code="w">(DLC)sn 89066771</subfield></datafield></record>